@misc{stacks-project,
  author       = "The {Stacks Project Authors}",
  title        = "{Stacks Project}",
  howpublished = "\url{http://stacks.math.columbia.edu}",
  year         = "2017",
}

@misc{conrad-etale,
  author       = "Brian Conrad",
  title        = "{\'Etale cohomology}",
  howpublished = "unpublished notes",
}

@misc{bhatt-cohomology-limit,
    title         = "{Comment on: ``Sheaf cohomology and inverse limits''}",
    author        = "Bhargav Bhatt",
    year          = "2012",
    howpublished  = "\url{http://mathoverflow.net/q/65249}",
}
