@book{goerssjardine,
    title         = "{Simplicial Homotopy Theory}",
    author        = "P. Goerss and J. Jardine",
    year          = "1999",
    publisher     = "Birkh{\"a}user Verlag",
}

@misc{mathew-doldkan,
    title         = "{The Dold-Kan correspondence}",
    author        = "A. Mathew",
    howpublished  = "\url{people.fas.harvard.edu/~amathew}",
}

@misc{riehl-ssets,
    title         = "{A leisurely introduction to simplicial sets}",
    author        = "E. Riehl",
    howpublished  = "\url{math.harvard.edu/~eriehl}",
}

@book{weibel,
    title         = "{An Introduction to Homological Algebra}",
    author        = "C. Weibel",
    year          = "1994",
    publisher     = "Cambridge University Press",
}

@book{munkres,
    title         = "Topology",
    author        = "J. Munkres",
    year          = "2000",
    publisher     = "Prentice Hall",
}

@book{may-concise,
    title         = "A concise course in algebraic topology",
    author        = "J.P. May",
    year          = "1999",
    publisher     = "University of Chicago Press",
}

@misc{miller-vfields,
    title         = "Vector fields on spheres, etc.",
    author        = "H. Miller",
    year          = "2010",
    howpublished  = "\url{math.berkeley.edu/~ericp}",
}

@misc{hopkins-256y,
    title         = "{Spectra and stable homotopy theory}",
    author        = "M. Hopkins and A. Mathew",
    year          = "2012",
    howpublished  = "Lectures at Harvard University,
                  \url{people.fas.harvard.edu/~amathew}",
}

@article{steenrod-vfields,
    title         = "Vector fields on the $n$-sphere",
    author        = "N. Steenrod and J.H.C. Whitehead",
    journal       = "Proceedings of the National Academy of Sciences
                  of the United States of America",
    volume        = "37",
    number        = "1",
    pages         = "58--63",
    year          = "1951",
    publisher     = "National Academy of Sciences",
}

@article{adams-vfields,
    title         = "Vector fields on spheres",
    author        = "J.F. Adams",
    journal       = "Annals of Mathematics",
    pages         = "603--632",
    year          = "1962",
    publisher     = "JSTOR",
}

@article{adams-J-II,
    title         = "{On the groups $J(X)$---II}",
    author        = "J.F. Adams",
    journal       = "Topology",
    volume        = "3",
    number        = "2",
    pages         = "137--171",
    year          = "1965",
    publisher     = "Pergamon",
}

@article{abs-clifford,
    title         = "Clifford modules",
    author        = "M. Atiyah and R. Bott and A. Shapiro",
    journal       = "Topology",
    volume        = "3",
    pages         = "3--38",
    year          = "1964",
    publisher     = "Elsevier",
}

@misc{mathew-J,
    title         = "{Notes on the J-homomorphism}",
    author        = "A. Mathew",
    year          = "2012",
    howpublished  = "\url{people.fas.harvard.edu/~amathew}",
}

@misc{shah-vfields,
    title         = "Vector fields on spheres",
    author        = "J. Shah",
    year          = "2011",
    howpublished  = "\url{http://www.math.uchicago.edu/~may/VIGRE/VIGRE2011/REUPapers/Shah.pdf}",
}

@book{atiyah-kthy,
    title         = "{K-Theory}",
    author        = "M. Atiyah",
    year          = "1967",
    publisher     = "W.A. Benjamin",
}

@misc{may-mu1,
    title         = "{Answer to: ``Orientation of complex bordism
                  spectrum''}",
    author        = "J.P. May",
    year          = "2012",
    howpublished  = "\url{mathoverflow.net/a/102421}",
}

@misc{stacks,
    title         = "{Stacks Project}",
    author        = "The {Stacks Project Authors}",
    year          = "2014",
    howpublished  = "\url{stacks.math.columbia.edu}",
}

@misc{me-exactness,
    title         = "Exactness of functors",
    author        = "Arpon Raksit",
    year          = "2013",
    howpublished  = "Available at \url{arponr.com}",
}

@book{gortzwedhorn,
    title         = "{Algebraic Geometry I: Schemes with Examples and
                      Exercises}",
    author        = "G{\"o}rtz, Ulrich and Wedhorn, Torsten",
    year          = "2010",
    publisher     = "Springer",
}

@book{weibel,
    title         = "{An Introduction to Homological Algebra}",
    author        = "Charles A. Weibel",
    year          = "1994",
    publisher     = "Cambridge University Press",
}

@misc{mo-additive-functor-direct-sum,
    title         = "{Answer to: ``Additive, covariant functor preserve
                      direct sum?''}",
    author        = "Todd Trimble",
    year          = "2010",
    howpublished  = "\url{mathoverflow.net/a/38496}",
}

@misc{stacks,
    title         = "{Stacks Project}",
    author        = "The {Stacks Project Authors}",
    year          = "2014",
    howpublished  = "\url{stacks.math.columbia.edu}",
}

@misc{riehl-personal,
    title         = "Personal communication",
    author        = "Emily Riehl",
    year          = "2013",
}

@book{goerssjardine,
    author        = "Paul G. Goerss and John F. Jardine",
    title         = "{Simplicial Homotopy Theory}",
    year          = "1999",
    publisher     = "Birkh{\"a}user Verlag",
}

@misc{quillen-cotangent,
    title         = "Homology of commutative rings",
    author        = "Daniel Quillen",
    year          = "1968",
    howpublished  = "mimeographed notes",
}

@book{andre-cotangent,
    title         = "Homologie des alg\`ebres commutatives",
    author        = "Michel Andr{\'e}",
    series        = "Grundlehren der mathematischen Wissenschaften",
    volume        = "206",
    year          = "1974",
    publisher     = "Springer",
}

@article{goerss-modelsimplicial,
    title         = "Model categories and simplicial methods",
    author        = "Paul Goerss and Kristen Schemmerhorn",
    journal       = "Contemporary Mathematics",
    volume        = "436",
    year          = "2007",
}

@article{mccord-doldthom,
    title         = "Classifying spaces and infinite symmetric products",
    author        = "M.C. McCord",
    journal       = "Transactions of the American Mathematical Society",
    volume        = "146",
    pages         = "273--298",
    year          = "1969",
}

@article{iyengar-cotangent,
    title         = "{Andr\'e-Quillen} homology of commutative algebras",
    author        = "Srikanth Iyengar",
    journal       = "Contemporary Mathematics",
    volume        = "436",
    year          = "2007",
}

@misc{nlab-modelover,
    title         = "$n$-Lab: model structure on an overcategory",
    author        = "Urs Schreiber",
    year          = "2013",
    howpublished  = "\url{ncatlab.org/nlab/revision/model+structure+on+an+over+category/12}",
}

@misc{lurie-algebra,
    title         = "{Higher Algebra}",
    author        = "Jacob Lurie",
    year          = "2012",
    howpublished  = "Available at \url{math.harvard.edu/~lurie}",
}

@misc{gaitsgory-233b,
    title         = "{Math 233b}",
    author        = "Dennis Gaitsgory",
    year          = "2010",
    howpublished  = "Available at \url{math.harvard.edu/~gaitsgde}",
}

@misc{mathew-doldkan,
    author        = "Akhil Mathew",
    title         = "{The Dold-Kan correspondence}",
    year          = "2011",
    howpublished  = "\url{people.fas.harvard.edu/~amathew/doldkan.pdf}",
}

@misc{riehl-ssets,
    author        = "Emily Riehl",
    title         = "{A leisurely introduction to simplicial sets}",
    year          = "2011",
    howpublished  = "\url{www.math.harvard.edu/~eriehl/ssets.pdf}",
}