@book{goerssjardine,
    title         = "{Simplicial Homotopy Theory}",
    author        = "P. Goerss and J. Jardine",
    year          = "1999",
    publisher     = "Birkh{\"a}user Verlag",
}

@misc{mathew-doldkan,
    title         = "{The Dold-Kan correspondence}",
    author        = "A. Mathew",
    howpublished  = "\url{people.fas.harvard.edu/~amathew}",
}

@misc{riehl-ssets,
    title         = "{A leisurely introduction to simplicial sets}",
    author        = "E. Riehl",
    howpublished  = "\url{math.harvard.edu/~eriehl}",
}

@book{weibel,
    title         = "{An Introduction to Homological Algebra}",
    author        = "C. Weibel",
    year          = "1994",
    publisher     = "Cambridge University Press",
}

@book{munkres,
    title         = "Topology",
    author        = "J. Munkres",
    year          = "2000",
    publisher     = "Prentice Hall",
}

@book{may-concise,
    title         = "A concise course in algebraic topology",
    author        = "J.P. May",
    year          = "1999",
    publisher     = "University of Chicago Press",
}

@misc{miller-vfields,
    title         = "Vector fields on spheres, etc.",
    author        = "H. Miller",
    year          = "2010",
    howpublished  = "\url{math.berkeley.edu/~ericp}",
}

@misc{hopkins-256y,
    title         = "{Spectra and stable homotopy theory}",
    author        = "M. Hopkins and A. Mathew",
    year          = "2012",
    howpublished  = "Lectures at Harvard University,
                  \url{people.fas.harvard.edu/~amathew}",
}

@article{steenrod-vfields,
    title         = "Vector fields on the $n$-sphere",
    author        = "N. Steenrod and J.H.C. Whitehead",
    journal       = "Proceedings of the National Academy of Sciences
                  of the United States of America",
    volume        = "37",
    number        = "1",
    pages         = "58--63",
    year          = "1951",
    publisher     = "National Academy of Sciences",
}

@article{adams-vfields,
    title         = "Vector fields on spheres",
    author        = "J.F. Adams",
    journal       = "Annals of Mathematics",
    pages         = "603--632",
    year          = "1962",
    publisher     = "JSTOR",
}

@article{adams-J-II,
    title         = "{On the groups $J(X)$---II}",
    author        = "J.F. Adams",
    journal       = "Topology",
    volume        = "3",
    number        = "2",
    pages         = "137--171",
    year          = "1965",
    publisher     = "Pergamon",
}

@article{abs-clifford,
    title         = "Clifford modules",
    author        = "M. Atiyah and R. Bott and A. Shapiro",
    journal       = "Topology",
    volume        = "3",
    pages         = "3--38",
    year          = "1964",
    publisher     = "Elsevier",
}

@misc{mathew-J,
    title         = "{Notes on the J-homomorphism}",
    author        = "A. Mathew",
    year          = "2012",
    howpublished  = "\url{people.fas.harvard.edu/~amathew}",
}

@misc{shah-vfields,
    title         = "Vector fields on spheres",
    author        = "J. Shah",
    year          = "2011",
    howpublished  = "\url{http://www.math.uchicago.edu/~may/VIGRE/VIGRE2011/REUPapers/Shah.pdf}",
}

@book{atiyah-kthy,
    title         = "{K-Theory}",
    author        = "M. Atiyah",
    year          = "1967",
    publisher     = "W.A. Benjamin",
}

@misc{may-mu1,
    title         = "{Answer to: ``Orientation of complex bordism
                  spectrum''}",
    author        = "J.P. May",
    year          = "2012",
    howpublished  = "\url{mathoverflow.net/a/102421}",
}