@book{gortzwedhorn,
  title        = "{Algebraic Geometry I: Schemes with Examples and
                  Exercises}",
  author       = {G{\"o}rtz, Ulrich and Wedhorn, Torsten},
  year         = {2010},
  publisher    = {Springer},
}

@book{weibel,
    author     = "Charles A. Weibel",
    title      = "{An Introduction to Homological Algebra}",
    year       = "1994",
    publisher  = "Cambridge University Press",
}

@misc{mo-additive-functor-direct-sum,
    title      = "{Answer to: ``Additive, covariant functor preserve
                  direct sum?''}",
    author     = {Todd Trimble},
    note       = {\url{mathoverflow.net/a/38496}},
}

@misc{stacks,
    title      = "{Stacks Project}",
    author     = {The Stacks Project Authors},
    note       = {\url{stacks.math.columbia.edu}},
    year       = "2013",
}