@article {hildenbrandt,
    author  = "T.H. Hildenbrandt",
    title   = "Definitions of {S}tieltjes {I}ntegrals of the {R}iemann {T}ype",
    year    = "1938",
    journal = "The American Mathematical Monthly",
    volume  = "45",
    number  = "5",
    pages   = "265--278"
}

@book {kurtzetal,
    author    = "Douglas S. Kurtz and Jaroslav Kurzweil and Charles Swartz",
    title     = "Theories of integration: the integrals of {R}iemann, {L}ebesgue, {H}enstock-{K}urzweil, and {M}c{S}hane",
    year      = "2004",
    publisher = "World Scientific"
}

@book {rudin,
    author    = "Walter Rudin",
    title     = "Principles of mathematical analysis",
    year      = "1976",
    publisher = "McGraw-Hill, Inc."
}

@book {spivak,
    author    = "Michael Spivak",
    title     = "Calculus",
    year      = "1994",
    publisher = "Cambridge University Press"
}

@book {trench,
    author    = "William F. Trench",
    title     = "Introduction to real analysis",
    year      = "2002",
    publisher = "Prentice Hall"
}

