arpon@airpon.local.1420