@inproceedings{ben-sasson-2012,
  title        = {An additive combinatorics approach relating rank to
                  communication complexity},
  author       = {Ben-Sasson, Eli and Lovett, Shachar and Ron-Zewi,
                  Noga},
  booktitle    = {Foundations of Computer Science (FOCS), 2012 IEEE
                  53rd Annual Symposium on},
  pages        = {177--186},
  year         = {2012},
  organization = {IEEE},
}

@inproceedings{gavinsky-2013,
  title        = {En Route to the log-rank Conjecture: New Reductions
                  and Equivalent Formulations},
  author       = {Gavinsky, Dmitry and Lovett, Shachar},
  booktitle    = {Electronic Colloquium on Computational Complexity
                  (ECCC)},
  volume       = {20},
  pages        = {80},
  year         = {2013},
}

@inproceedings{lovasz-1988,
  title        = {Lattices, mobius functions and communications
                  complexity},
  author       = {Lov{\'a}sz, L{\'a}szl{\'o} and Saks, Michael},
  booktitle    = {Foundations of Computer Science, 1988., 29th Annual
                  Symposium on},
  pages        = {81--90},
  year         = {1988},
  organization = {IEEE},
}

@article{lovett-2013,
  title        = {Communication is bounded by root of rank},
  author       = {Lovett, Shachar},
  journal      = {arXiv:1306.1877 [cs.CC]},
  year         = {2013},
}

@article{nisan-1995,
  title        = {On rank vs. communication complexity},
  author       = {Nisan, Noam and Wigderson, Avi},
  journal      = {Combinatorica},
  volume       = {15},
  number       = {4},
  pages        = {557--565},
  year         = {1995},
  publisher    = {Springer},
}

@article{tsang-2013,
  title        = {Fourier sparsity, spectral norm, and the Log-rank
                  conjecture},
  author       = {Tsang, Hing Yin and Wong, Chung Hoi and Xie, Ning
                  and Zhang, Shengyu},
  journal      = {arXiv:1304.1245 [cs.CC]},
  year         = {2013},
}

%%%%%%%%%%%%%%%%%%%%%%%%%%%%%%%%%%%%%%%%%%%%%%%%%%%%%%%%%%%%%%%%%%%%%%

@incollection{kane-2011,
  title        = "{Almost optimal explicit Johnson-Lindenstrauss
                  families}",
  author       = {Kane, Daniel and Meka, Raghu and Nelson, Jelani},
  booktitle    = {Approximation, Randomization, and Combinatorial
                  Optimization. Algorithms and Techniques},
  pages        = {628--639},
  year         = {2011},
  publisher    = {Springer}
}

@inproceedings{motwani-2010,
  title        = {Randomized algorithms},
  author       = {Motwani, Rajeev and Raghavan, Prabhakar},
  booktitle    = {Algorithms and theory of computation handbook},
  pages        = {12--12},
  year         = {2010},
  organization = {Chapman \& Hall/CRC},
}

@inproceedings{karnin-2011,
  title        = {Explicit dimension reduction and its applications},
  author       = {Karnin, Zohar Shay and Rabani, Yuval and Shpilka,
                  Amir},
  booktitle    = {Computational Complexity (CCC), 2011 IEEE 26th
                  Annual Conference on},
  pages        = {262--272},
  year         = {2011},
  organization = {IEEE},
}

@incollection{indyk-2010,
  title        = {Almost-Euclidean Subspaces of $\ell_1^{N}$ via
                  Tensor Products: A Simple Approach to Randomness
                  Reduction},
  author       = {Indyk, Piotr and Szarek, Stanislaw},
  booktitle    = {Approximation, Randomization, and Combinatorial
                  Optimization. Algorithms and Techniques},
  pages        = {632--641},
  year         = {2010},
  publisher    = {Springer},
}

@inproceedings{engebretsen-2002,
  title        = {Derandomized dimensionality reduction with
                  applications},
  author       = {Engebretsen, Lars and Indyk, Piotr and O'Donnell,
                  Ryan},
  booktitle    = {Proceedings of the thirteenth annual ACM-SIAM
                  symposium on Discrete algorithms},
  pages        = {705--712},
  year         = {2002},
  organization = {Society for Industrial and Applied Mathematics}
}

@inproceedings{sivakumar-2002,
  title        = {Algorithmic derandomization via complexity theory},
  author       = {Sivakumar, D},
  booktitle    = {Proceedings of the thiry-fourth annual ACM symposium
                  on Theory of computing},
  pages        = {619--626},
  year         = {2002},
  organization = {ACM},
}

@article{bourgain-2013,
  title        = {Toward a unified theory of sparse dimensionality
                  reduction in Euclidean space},
  author       = {Bourgain, Jean and Nelson, Jelani},
  journal      = {arXiv:1311.2542 [cs.DS]},
  year         = {2013}
}

@inproceedings{karnin2011explicit,
  title={Explicit dimension reduction and its applications},
  author={Karnin, Zohar Shay and Rabani, Yuval and Shpilka, Amir},
  booktitle={Computational Complexity (CCC), 2011 IEEE 26th Annual Conference on},
  pages={262--272},
  year={2011},
  organization={IEEE}
}

@inproceedings{alon-1996,
  title={The space complexity of approximating the frequency moments},
  author={Alon, Noga and Matias, Yossi and Szegedy, Mario},
  booktitle={Proceedings of the twenty-eighth annual ACM symposium on Theory of computing},
  pages={20--29},
  year={1996},
  organization={ACM}
}

@inproceedings{clarkson2009,
  title={Numerical linear algebra in the streaming model},
  author={Clarkson, Kenneth L and Woodruff, David P},
  booktitle={Proceedings of the 41st annual ACM symposium on Theory of computing},
  pages={205--214},
  year={2009},
  organization={ACM}
}

@article{achlioptas2003,
  title={Database-friendly random projections: Johnson-Lindenstrauss with binary coins},
  author={Achlioptas, Dimitris},
  journal={Journal of computer and System Sciences},
  volume={66},
  number={4},
  pages={671--687},
  year={2003},
  publisher={Elsevier}
}

@article{alon1995derandomized,
  title={Derandomized graph products},
  author={Alon, Noga and Feige, Uriel and Wigderson, Avi and Zuckerman, David},
  journal={Computational Complexity},
  volume={5},
  number={1},
  pages={60--75},
  year={1995},
  publisher={Springer}
}

@inproceedings{ajtai1987deterministic,
  title={Deterministic simulation in LOGSPACE},
  author={Ajtai, Mikl{\'o}s and Koml{\'o}s, J{\'a}nos and Szemer{\'e}di, Endre},
  booktitle={Proceedings of the nineteenth annual ACM symposium on Theory of computing},
  pages={132--140},
  year={1987},
  organization={ACM}
}

@article{lubotzky1988ramanujan,
  title={Ramanujan graphs},
  author={Lubotzky, Alexander and Phillips, Ralph and Sarnak, Peter},
  journal={Combinatorica},
  volume={8},
  number={3},
  pages={261--277},
  year={1988},
  publisher={Springer}
}

@article{morgenstern1994existence,
  title={Existence and Explicit Constructions of $q+ 1$ Regular
                  Ramanujan Graphs for Every Prime Power $q$},
  author={Morgenstern, Moshe},
  journal={Journal of Combinatorial Theory, Series B},
  volume={62},
  number={1},
  pages={44--62},
  year={1994},
  publisher={Elsevier}
}

@article{hoory2006expander,
  title={Expander graphs and their applications},
  author={Hoory, Shlomo and Linial, Nathan and Wigderson, Avi},
  journal={Bulletin of the American Mathematical Society},
  volume={43},
  number={4},
  pages={439--561},
  year={2006}
}

@inproceedings{indyk2007uncertainty,
  title={Uncertainty principles, extractors, and explicit embeddings of l2 into l1},
  author={Indyk, Piotr},
  booktitle={Proceedings of the thirty-ninth annual ACM symposium on Theory of computing},
  pages={615--620},
  year={2007},
  organization={ACM}
}

@article{zuckerman1997randomness,
  title={Randomness-optimal oblivious sampling},
  author={Zuckerman, David},
  journal={Random Structures and Algorithms},
  volume={11},
  number={4},
  pages={345--367},
  year={1997},
  publisher={Citeseer}
}

@phdthesis{nelson-2011,
  title={Sketching and streaming high-dimensional vectors},
  author={Nelson, Jelani},
  year={2011},
  school={MIT}
}

@inproceedings{kane-2012,
  title={Sparser johnson-lindenstrauss transforms},
  author={Kane, Daniel M and Nelson, Jelani},
  booktitle={Proceedings of the Twenty-Third Annual ACM-SIAM Symposium on Discrete Algorithms},
  pages={1195--1206},
  year={2012},
  organization={SIAM}
}